<record xmlns="http://www.loc.gov/MARC21/slim">
   <leader>01774cam a2200457 i 4500</leader>
   <controlfield tag="001">6765632</controlfield>
   <controlfield tag="003">OCoLC</controlfield>
   <controlfield tag="005">20141208152751.0</controlfield>
   <controlfield tag="008">140115t20152015enk      b    001 0 eng c</controlfield>
   <datafield ind1=" " ind2=" " tag="015">
      <subfield code="a">GBB471620</subfield>
      <subfield code="2">bnb</subfield>
   </datafield>
   <datafield ind1="7" ind2=" " tag="016">
      <subfield code="a">016784058</subfield>
      <subfield code="2">Uk</subfield>
   </datafield>
   <datafield ind1=" " ind2=" " tag="020">
      <subfield code="a">1138020338</subfield>
   </datafield>
   <datafield ind1=" " ind2=" " tag="020">
      <subfield code="a">9781138020337</subfield>
   </datafield>
   <datafield ind1=" " ind2=" " tag="035">
      <subfield code="a">ocn868199917</subfield>
   </datafield>
   <datafield ind1=" " ind2=" " tag="040">
      <subfield code="a">YDXCP</subfield>
      <subfield code="b">eng</subfield>
      <subfield code="e">rda</subfield>
      <subfield code="c">YDXCP</subfield>
      <subfield code="d">BTCTA</subfield>
      <subfield code="d">UKMGB</subfield>
      <subfield code="d">BDX</subfield>
      <subfield code="d">CDX</subfield>
      <subfield code="d">DGU</subfield>
      <subfield code="d">UAB</subfield>
   </datafield>
   <datafield ind1=" " ind2=" " tag="042">
      <subfield code="a">pcc</subfield>
   </datafield>
   <datafield ind1=" " ind2=" " tag="043">
      <subfield code="a">cl-----</subfield>
   </datafield>
   <datafield ind1=" " ind2="4" tag="050">
      <subfield code="a">F1415</subfield>
      <subfield code="b">.L36 2015</subfield>
   </datafield>
   <datafield ind1="0" ind2="4" tag="082">
      <subfield code="a">327.1/7</subfield>
      <subfield code="2">23</subfield>
   </datafield>
   <datafield ind1=" " ind2=" " tag="090">
      <subfield code="a">F 1415 L36 2015</subfield>
      <subfield code="b">AEU</subfield>
   </datafield>
   <datafield ind1=" " ind2=" " tag="090">
      <subfield code="a">F1415 .L36 2015</subfield>
      <subfield code="b">AEGMCT</subfield>
   </datafield>
   <datafield ind1="0" ind2="0" tag="245">
      <subfield code="a">Latin America and the shifting sands of globalization /</subfield>
      <subfield code="c">edited by Sean W. Burges.</subfield>
   </datafield>
   <datafield ind1=" " ind2="1" tag="264">
      <subfield code="a">London ;</subfield>
      <subfield code="a">New York :</subfield>
      <subfield code="b">Routledge/Taylor &amp; Francis Group,</subfield>
      <subfield code="c">2015.</subfield>
   </datafield>
   <datafield ind1=" " ind2="4" tag="264">
      <subfield code="c">©2015</subfield>
   </datafield>
   <datafield ind1=" " ind2=" " tag="300">
      <subfield code="a">x, 135 pages ;</subfield>
      <subfield code="c">26 cm</subfield>
   </datafield>
   <datafield ind1=" " ind2=" " tag="336">
      <subfield code="a">text</subfield>
      <subfield code="b">txt</subfield>
      <subfield code="2">rdacontent</subfield>
   </datafield>
   <datafield ind1=" " ind2=" " tag="337">
      <subfield code="a">unmediated</subfield>
      <subfield code="b">n</subfield>
      <subfield code="2">rdamedia</subfield>
   </datafield>
   <datafield ind1=" " ind2=" " tag="338">
      <subfield code="a">volume</subfield>
      <subfield code="b">nc</subfield>
      <subfield code="2">rdacarrier</subfield>
   </datafield>
   <datafield ind1=" " ind2=" " tag="500">
      <subfield code="a">The chapters in this book were originally published in the Journal of Iberian and Latin American Research, volume 19, issue 2 (December 2013)--Page vii.</subfield>
   </datafield>
   <datafield ind1=" " ind2=" " tag="504">
      <subfield code="a">Includes bibliographical references and index.</subfield>
   </datafield>
   <datafield ind1=" " ind2=" " tag="596">
      <subfield code="a">29 43</subfield>
   </datafield>
   <datafield ind1=" " ind2="0" tag="650">
      <subfield code="a">Globalization</subfield>
      <subfield code="z">Latin America.</subfield>
   </datafield>
   <datafield ind1=" " ind2="0" tag="651">
      <subfield code="a">Latin America</subfield>
      <subfield code="x">Foreign relations.</subfield>
   </datafield>
   <datafield ind1=" " ind2="0" tag="651">
      <subfield code="a">Latin America</subfield>
      <subfield code="x">Foreign economic relations.</subfield>
   </datafield>
   <datafield ind1=" " ind2="0" tag="651">
      <subfield code="a">Latin America</subfield>
      <subfield code="x">Politics and government.</subfield>
   </datafield>
   <datafield ind1="1" ind2=" " tag="700">
      <subfield code="a">Burges, Sean W.,</subfield>
      <subfield code="e">editor.</subfield>
   </datafield>
   <datafield ind1=" " ind2=" " tag="949">
      <subfield code="a">F 1415 L36 2015</subfield>
      <subfield code="c">1</subfield>
      <subfield code="h">UAHS-B</subfield>
      <subfield code="i">0162035213337</subfield>
   </datafield>
   <datafield ind1=" " ind2=" " tag="947">
      <subfield code="b">TPO</subfield>
      <subfield code="f">QGM</subfield>
      <subfield code="h">GMCT-OS-B</subfield>
      <subfield code="p">197.16</subfield>
      <subfield code="q">1</subfield>
      <subfield code="z">9781138020337</subfield>
   </datafield>
   <datafield ind1=" " ind2=" " tag="999">
      <subfield code="h">GMCT-OS-B</subfield>
   </datafield>
   <datafield ind1=" " ind2=" " tag="926">
      <subfield code="a">F 1415 L36 2015</subfield>
      <subfield code="w">LC</subfield>
      <subfield code="c">1</subfield>
      <subfield code="i">0162035213337</subfield>
      <subfield code="l">ON_SHELF</subfield>
      <subfield code="m">UAHSS</subfield>
      <subfield code="p">$150.00</subfield>
      <subfield code="r">Y</subfield>
      <subfield code="s">Y</subfield>
      <subfield code="t">BOOK</subfield>
      <subfield code="u">1/6/2015</subfield>
   </datafield>
   <datafield ind1=" " ind2=" " tag="926">
      <subfield code="a">F1415 .L36 2015</subfield>
      <subfield code="w">LC</subfield>
      <subfield code="c">1</subfield>
      <subfield code="i">1007412156</subfield>
      <subfield code="d">5/5/2015</subfield>
      <subfield code="l">ON_SHELF</subfield>
      <subfield code="m">GR_MACEWAN</subfield>
      <subfield code="p">$196.56</subfield>
      <subfield code="r">Y</subfield>
      <subfield code="s">Y</subfield>
      <subfield code="t">BOOK</subfield>
      <subfield code="u">4/22/2015</subfield>
   </datafield>
</record>
